%Bibliografia

@article{instrukcja,
 title                = {Instrukcja do projektu e-learningowego},
 url                  = {https://ftims.edu.p.lodz.pl/pluginfile.php/151572/mod\_resource/content/1/perceptron\_kompresja\_obrazow.pdf},
 }
